@book{CPR,
	author = {Vijaya Kumar, B. V. K. and Mahalanobis, Abhijit and Juday, Richard D.},
	title = {Correlation Pattern Recognition},
	year = {2010},
	isbn = {0521153484, 9780521153485},
	publisher = {Cambridge University Press},
	address = {New York, NY, USA},
}

@Misc {BELA,
	author    = "The Augmented Instruments Laboratory",
	title     = "Bela",
	howpublished = "\url{http://bela.io}",
	year = 2016,

}

@book{JLR,
	author = {Jérémy Lixandre},
	title = {Rapport de stage - Logiciel d'aide à l'improvisation musicale},
	year = {2017},
}
