@Misc {BELA,
	author    = "The Augmented Instruments Laboratory",
	title     = "Bela",
	howpublished = "\url{http://bela.io}",
	year = 2016,

}

@Misc {XENOMAI,
    title   = "Xenomai Linux",
    howpublished    = "\url{https://xenomai.org/}",
    year = {2018},
}

@book{JLR,
	author = {Jérémy Lixandre},
	title = {Rapport de stage - Logiciel d'aide à l'improvisation musicale},
	year = {2017},
}